@IEEEtranBSTCTL{IEEEexample:BSTcontrol,
	CTLdash_repeated_names = "no"
}

@inproceedings{CandellRW2017,
	title        = {Industrial wireless: Problem space, success considerations, technologies, and future direction},
	author       = {R. Candell and M. Kashef},
	year         = 2017,
	month        = sep,
	booktitle    = {2017 Resilience Week (RWS)},
	volume       = {},
	number       = {},
	pages        = {133--139},
	doi          = {10.1109/RWEEK.2017.8088661},
	issn         = {},
	keywords     = {}
}

@article{Candell2019ASR.SYSML,
	title={A SysML representation of the wireless factory work cell},
	author={Richard Candell and Mohamed Kashef and Yongkang Liu and Sebti Foufou},
	journal={The International Journal of Advanced Manufacturing Technology},
	year={2019},
	pages={1-22}
}
@article{Candell2018SysML.JRES,
	title        = {{A SysML Model of the Wireless Factory Work-cell}},
	author       = {Candell, Richard},
	year         = 2018,
	journal      = {NIST Journal of Research},
	doi          = {TBS},
	abstract     = {},
	mendeley-groups = {Sysml}
}

@misc{Candell2018SysML.GitHub,
	title        = {{Model of the Wireless Factory Work-cell using the Systems Modeling Language}},
	author       = {Candell, Richard},
	year         = 2018,
	publisher    = {National Institute of Standards and Technology},
	doi          = {10.18434/T4/1502475},
	url          = {https://github.com/usnistgov/wireless-factory-sysml},
	abstract     = {},
	keywords     = {},
	mendeley-groups = {NIST Data Items,THESIS}
}

@inproceedings{CandellISIE2019.Conf,
	title        = {Wireless Interference Estimation Using Machine Learning in a Robotic Force-Seeking Scenario},
	author       = {R. {Candell} and K. {Montgomery} and M. {Kashef} and Y. {Liu} and S. {Foufou}},
	year         = 2019,
	month        = jun,
	booktitle    = {2019 IEEE 28th International Symposium on Industrial Electronics (ISIE)},
	pages        = {1334--1341},
	doi          = {10.1109/ISIE.2019.8781418},
	issn         = {2163-5137},
	abstract     = {},
	keywords     = {}
}

@article{CandellIJAMT2020.Jrml,
	title        = {Machine Learning Based Wireless Interference Estimation in a Robotic Force-Seeking Application},
	author       = {R. {Candell} and K. {Montgomery} and M. {Kashef} and Y. {Liu} and S. {Foufou}},
	year         = 2020,
	journal      = {Engineering Applications of Artificial Intelligence},
	doi          = {pending},
	journaltitle = {Engineering Applications of Artificial Intelligence},
	abstract     = {},
	keywords     = {}
}

@misc{CandellISIE2019.Conf.Data,
	title        = {Measurement Data for a Wireless Force Seeking Apparatus},
	author       = {Candell,  Richard and Montgomery,  Karl and Hany,  Mohamed},
	year         = 2019,
	publisher    = {National Institute of Standards and Technology},
	doi          = {10.18434/M32077},
	url          = {https://data.nist.gov/od/id/8A35AAA0486B3B7AE0532457068113532077},
	keywords     = {},
	language     = {en}
}

@techreport{Montgomery2019,
	title        = {{Wireless User Requirements for the Factory Work-cell}},
	author       = {Montgomery, Karl and Candell, Richard and Liu, Yongkang and Hany, Mohamed},
	year         = 2019,
	pages        = 23,
	doi          = {https://doi.org/10.6028/NIST.AMS.300-8},
	url          = {https://www.nist.gov/publications/wireless-user-requirements-factory-workcell},
	file         = {:C$\backslash$:/git/mydata/My Pubs/wireless/2019/Requirements Report - Karl/AMS-300-8{\_}Final.pdf:pdf}
}


