@book{INTROSAMPLE,
author = {{Rick Candell}},
mendeley-groups = {dummyrefs},
title = {{How to Skin a Cat}},
}
